@article{tipping2001sparse,
  title={Sparse Bayesian learning and the relevance vector machine},
  author={Tipping, Michael E},
  journal={The journal of machine learning research},
  volume={1},
  pages={211--244},
  year={2001},
  publisher={JMLR. org}
}

@inproceedings{krizhevsky2012imagenet,
  title={Imagenet classification with deep convolutional neural networks},
  author={Krizhevsky, Alex and Sutskever, Ilya and Hinton, Geoffrey E},
  booktitle={Advances in neural information processing systems},
  pages={1097--1105},
  year={2012}
}

@article{lecun1998gradient,
  title={Gradient-based learning applied to document recognition},
  author={LeCun, Yann and Bottou, L{\'e}on and Bengio, Yoshua and Haffner, Patrick},
  journal={Proceedings of the IEEE},
  volume={86},
  number={11},
  pages={2278--2324},
  year={1998},
  publisher={IEEE}
}
@inproceedings{simard2003best,
  title={Best practices for convolutional neural networks applied to visual document analysis},
  author={Simard, Patrice Y and Steinkraus, Dave and Platt, John C},
  booktitle={null},
  pages={958},
  year={2003},
  organization={IEEE}
}

@article{lecun1989backpropagation,
  title={Backpropagation applied to handwritten zip code recognition},
  author={LeCun, Yann and Boser, Bernhard and Denker, John S and Henderson, Donnie and Howard, Richard E and Hubbard, Wayne and Jackel, Lawrence D},
  journal={Neural computation},
  volume={1},
  number={4},
  pages={541--551},
  year={1989},
  publisher={MIT Press}
}


@inproceedings{ciresan2012multi,
  title={Multi-column deep neural networks for image classification},
  author={Ciresan, Dan and Meier, Ueli and Schmidhuber, J{\"u}rgen},
  booktitle={Computer Vision and Pattern Recognition (CVPR), 2012 IEEE Conference on},
  pages={3642--3649},
  year={2012},
  organization={IEEE}
}

@inproceedings{cirecsan2011convolutional,
  title={Convolutional neural network committees for handwritten character classification},
  author={Cire{\c{s}}an, Dan Claudiu and Meier, Ueli and Gambardella, Luca Maria and Schmidhuber, J{\"u}rgen},
  booktitle={Document Analysis and Recognition (ICDAR), 2011 International Conference on},
  pages={1135--1139},
  year={2011},
  organization={IEEE}
}

@article{bellili2003mlp,
  title={An MLP-SVM combination architecture for offline handwritten digit recognition},
  author={Bellili, Abdel and Gilloux, Michel and Gallinari, Patrick},
  journal={Document Analysis and Recognition},
  volume={5},
  number={4},
  pages={244--252},
  year={2003},
  publisher={Springer}
}

@article{soltanzadeh2004recognition,
  title={Recognition of Persian handwritten digits using image profiles of multiple orientations},
  author={Soltanzadeh, Hasan and Rahmati, Mohammad},
  journal={Pattern Recognition Letters},
  volume={25},
  number={14},
  pages={1569--1576},
  year={2004},
  publisher={Elsevier}
}

@article{felzenszwalb2010object,
  title={Object detection with discriminatively trained part-based models},
  author={Felzenszwalb, Pedro F and Girshick, Ross B and McAllester, David and Ramanan, Deva},
  journal={Pattern Analysis and Machine Intelligence, IEEE Transactions on},
  volume={32},
  number={9},
  pages={1627--1645},
  year={2010},
  publisher={IEEE}
}

@article{yilmaz2006object,
  title={Object tracking: A survey},
  author={Yilmaz, Alper and Javed, Omar and Shah, Mubarak},
  journal={Acm computing surveys (CSUR)},
  volume={38},
  number={4},
  pages={13},
  year={2006},
  publisher={Acm}
}

@inproceedings{dalal2005histograms,
  title={Histograms of oriented gradients for human detection},
  author={Dalal, Navneet and Triggs, Bill},
  booktitle={Computer Vision and Pattern Recognition, 2005. CVPR 2005. IEEE Computer Society Conference on},
  volume={1},
  pages={886--893},
  year={2005},
  organization={IEEE}
}

@article{lowe2004distinctive,
  title={Distinctive image features from scale-invariant keypoints},
  author={Lowe, David G},
  journal={International journal of computer vision},
  volume={60},
  number={2},
  pages={91--110},
  year={2004},
  publisher={Springer}
}

@article{lauer2007trainable,
  title={A trainable feature extractor for handwritten digit recognition},
  author={Lauer, Fabien and Suen, Ching Y and Bloch, G{\'e}rard},
  journal={Pattern Recognition},
  volume={40},
  number={6},
  pages={1816--1824},
  year={2007},
  publisher={Elsevier}
}

@inproceedings{bottou1994comparison,
  title={Comparison of classifier methods: a case study in handwritten digit recognition},
  author={Bottou, L{\'e}on and Cortes, Corinna and Denker, John S and Drucker, Harris and Guyon, Isabelle and Jackel, Lawrence D and LeCun, Yann and Muller, Urs A and Sackinger, Edward and Simard, Patrice and others},
  booktitle={International Conference on Pattern Recognition},
  pages={77--77},
  year={1994},
  organization={IEEE Computer Society Press}
}

@article{lecun1998gradient,
  title={Gradient-based learning applied to document recognition},
  author={LeCun, Yann and Bottou, L{\'e}on and Bengio, Yoshua and Haffner, Patrick},
  journal={Proceedings of the IEEE},
  volume={86},
  number={11},
  pages={2278--2324},
  year={1998},
  publisher={IEEE}
}

@article{liu2003handwritten,
  title={Handwritten digit recognition: benchmarking of state-of-the-art techniques},
  author={Liu, Cheng-Lin and Nakashima, Kazuki and Sako, Hiroshi and Fujisawa, Hiromichi},
  journal={Pattern Recognition},
  volume={36},
  number={10},
  pages={2271--2285},
  year={2003},
  publisher={Elsevier}
}

@inproceedings{le1990handwritten,
  title={Handwritten digit recognition with a back-propagation network},
  author={Le Cun, B Boser and Denker, John S and Henderson, D and Howard, Richard E and Hubbard, W and Jackel, Lawrence D},
  booktitle={Advances in neural information processing systems},
  year={1990},
  organization={Citeseer}
}

@inproceedings{lecun1995comparison,
  title={Comparison of learning algorithms for handwritten digit recognition},
  author={LeCun, Yann and Jackel, LD and Bottou, L and Brunot, A and Cortes, C and Denker, JS and Drucker, H and Guyon, I and Muller, UA and Sackinger, E and others},
  booktitle={International conference on artificial neural networks},
  volume={60},
  pages={53--60},
  year={1995}
}

@article{hull1994database,
  title={A database for handwritten text recognition research},
  author={Hull, Jonathan J},
  journal={Pattern Analysis and Machine Intelligence, IEEE Transactions on},
  volume={16},
  number={5},
  pages={550--554},
  year={1994},
  publisher={IEEE}
}

@article{felzenszwalb2010object,
  title={Object detection with discriminatively trained part-based models},
  author={Felzenszwalb, Pedro F and Girshick, Ross B and McAllester, David and Ramanan, Deva},
  journal={Pattern Analysis and Machine Intelligence, IEEE Transactions on},
  volume={32},
  number={9},
  pages={1627--1645},
  year={2010},
  publisher={IEEE}
}

@article{altman1992introduction,
  title={An introduction to kernel and nearest-neighbor nonparametric regression},
  author={Altman, Naomi S},
  journal={The American Statistician},
  volume={46},
  number={3},
  pages={175--185},
  year={1992},
  publisher={Taylor \& Francis}
}